@Book{Chapman,
  author =       {CHAPMAN, S. J.},
  title =        {Electric Machinery Fundamentals},
  publisher =    {McGraw-Hill Education},
  month =        {February},
  year =         {2011},
  edition =      {5th},
}
